<?xml version="1.0" encoding="UTF-8"?><collection xmlns="http://www.loc.gov/MARC21/slim"><record><leader>00471nam--2200169-i-4500</leader><controlfield tag="001">000011293</controlfield><controlfield tag="002">20161230</controlfield><controlfield tag="005">20170115162757</controlfield><controlfield tag="008">060222s1000------------r-----000-0-eng-d</controlfield><datafield ind1=" " ind2=" " tag="080"><subfield code="a">621.318.1:539.2</subfield></datafield><datafield ind1=" " ind2=" " tag="245"><subfield code="a">Bibliography of magnetic materials and temperatures</subfield></datafield><datafield ind1=" " ind2=" " tag="260"><subfield code="a">New York</subfield><subfield code="b">Ifi/Plenum</subfield><subfield code="c">1972</subfield></datafield><datafield ind1=" " ind2=" " tag="300"><subfield code="a">VII + 180 p</subfield></datafield><datafield ind1=" " ind2=" " tag="490"><subfield code="a">Solid State Physics Literature Guides</subfield></datafield><datafield ind1=" " ind2=" " tag="700"><subfield code="a">Copenhaver, Emily D</subfield></datafield><datafield ind1=" " ind2=" " tag="852"><subfield code="a">D.1298</subfield></datafield><datafield ind1=" " ind2=" " tag="CAT"><subfield code="a">SYS</subfield><subfield code="c">20170115</subfield><subfield code="h">162757</subfield></datafield></record></collection>